@book{thelma,
  title={Comunicação e linguagem},
  author={Thelma de Carvalho GUIMARÃES},
  year={2012},
  address = "Sao Paulo",
  publisher={Pearson Education do Brasil}
}
