@book{siegwart2004introduction,
	title={Introduction to Autonomous Mobile Robots},
	author={Siegwart, R. and Nourbakhsh, I.R.},
	isbn={9780262195027},
	lccn={20030593},
	series={A Bradford book},
	year={2004},
	publisher={Bradford Book}
}